@book{sagan_1993, 
    place = "New York", 
    title = "Brocas brain: reflections on the romance of science", 
    publisher = "Presidio Press", 
    author = "Sagan, Carl", 
    year = 1993
}

@book{Tietze, 
    place = "Heidelberg", 
    title = "Halbleiter-Schaltungstechnik", 
    publisher = "Springer", 
    author = "Tietze, Schenk ", 
    year = 1993
}

@article{ghia_1982,
    author = "U. Ghia and K. N. Ghia and C. T. Shin",
    title = "High-Re Solutions for Incompressible Flow Using the Navier-Stokes Equations and a Multigrid Method",
    journal = "Journal of Computational Physics",
    volume = "48",
    pages = "387-411",
    year = 1982
}

% This reference is visible in the Bibliography, but not in the text above it. To see how this is done, have a look at the code for the 'Introduction'-section
@online{imt_software_wiki,
    author = "NTNU, Department of Marine Technology", 
    title = "IMT Software Wiki - LaTeX", 
    url = "https://www.ntnu.no/wiki/display/imtsoftware/LaTeX", 
    urldate = "2020-09-15"      % This is the date we entered the page
}
@online{youtube_noise,
    author = "Moritz Klein", 
    title = "Designing a white, pink \& blue noise generator from scratch",
    url = "https://www.youtube.com/watch?v=0yB_h_wFkh4", 
    urldate = "2023-09-10"      % This is the date we entered the page
}
@online{wiki_midi,
    author = "", 
    title = "MIDI Nachrichtentypen",
    url = "https://de.wikipedia.org/wiki/MIDI#Nachrichtentypen", 
    urldate = "2023-09-10"      % This is the date we entered the page
}
@online{wiki_eurorack,
    author = "", 
    title = "Eurorack",
    url = "https://en.wikipedia.org/wiki/Eurorack",
    urldate = "2023-09-10"      % This is the date we entered the page
}
@online{midi,
    author = "The MIDI Association", 
    title = "MIDI 1.0 Detailed Specification",
    url = "https://www.midi.org/specifications/midi1-specifications/midi-1-0-core-specifications/midi-1-0-detailed-specification-2", 
    urldate = "2023-09-14"      % This is the date we entered the page
}
