@book{sagan_1993, 
    place = "New York", 
    title = "Brocas brain: reflections on the romance of science", 
    publisher = "Presidio Press", 
    author = "Sagan, Carl", 
    year = 1993
}

@book{Bystron, 
    place = "MÃ¼nchen", 
    title = "Grundlagen der Technischen Elektronik", 
    publisher = "Carl Hansa", 
    author = "Klaus Bystron, Johannes Borgmeyer", 
    year = 1987
}

@book{ServiceManual, 
    place = "", 
    title = "D80 Yamaha Service Manual", 
    publisher = "Yamaha, Nippon Gakki Co Ltd Hamamatsu, Japan", 
    author = "", 
    year = 1977
}

@article{ghia_1982,
    author = "U. Ghia and K. N. Ghia and C. T. Shin",
    title = "High-Re Solutions for Incompressible Flow Using the Navier-Stokes Equations and a Multigrid Method",
    journal = "Journal of Computational Physics",
    volume = "48",
    pages = "387-411",
    year = 1982
}

@online{imt_software_wiki,
    author = "NTNU, Department of Marine Technology", 
    title = "IMT Software Wiki - LaTeX", 
    url = "https://www.ntnu.no/wiki/display/imtsoftware/LaTeX", 
    urldate = "2020-09-15"      % This is the date we entered the page
}
@online{youtube_noise,
    author = "Moritz Klein", 
    title = "Designing a white, pink \& blue noise generator from scratch",
    url = "https://www.youtube.com/watch?v=0yB_h_wFkh4", 
    urldate = "2023-09-10"    
}
@online{wiki_midi,
    author = "", 
    title = "Wikipedia: MIDI",
    url = "https://de.wikipedia.org/wiki/MIDI", 
    urldate = "2023-09-10"      % This is the date we entered the page
}
@online{midi,
    author = "The MIDI Association", 
    title = "MIDI 1.0 Detailed Specification",
    url = "https://www.midi.org/specifications/midi1-specifications/midi-1-0-core-specifications/midi-1-0-detailed-specification-2", 
    urldate = "2023-09-14"      % This is the date we entered the page
}
@online{wiki_eurorack,
    author = "", 
    title = "Wikipedia: Eurorack",
    url = "https://en.wikipedia.org/wiki/Eurorack",
    urldate = "2023-09-10"      % This is the date we entered the page
}